@misc{noauthor_born_nodate,
    title = {The {Born} supremacy: quantum advantage and training of an {Ising} {Born} machine {\textbar} npj {Quantum} {Information}},
    url = {https://www.nature.com/articles/s41534-020-00288-9},
    urldate = {2025-04-15},
}